    journal      = {IEEE Trans.\ Softw.\ Eng.}
    journal      = {J.\ Softw.\ Maint: Res.\ Pract.}
    booktitle    = {Proc.\ 28th Int'l Conf.\ Software Engineering},

@article{Ko_etal:06,
    author       = {A.J. Ko and B.A. Myers and M.J. Coblenz and H.H. Aung},
    title        = {An Exploratory Study of How Developers Seek, Relate, and Collect Relevant Information during Software Maintenance Tasks},
    journal      = {IEEE Transactions on Software Engineering},
    volume       = 32,
    number       = 12,
    pages        = {971--987},
    year         = 2006,
}

@inproceedings{LaToza_etal:06,
    author       = {Thomas D. LaToza and Gina Venolia and Robert DeLine},
    title        = {Maintaining mental models: a study of developer work habits},
    booktitle    = {Proceedings of the 28th International Conference on Software Engineering},
    pages        = {492--501},
    year         = 2006,
}

@article{Standish:84,
    author       = {Thomas Standish},
    title        = {An Essay on Software Reuse},
    journal      = {IEEE Transactions on Software Engineering},
    volume       = {SE-10},
    number       = 5,
    pages        = {494--497},
    year         = 1984,
}
    
@article{Tiarks:11,
    author       = {Rebecca Tiarks},
    title        = {What Programmers Really Do --- An Observational Study},
    journal      = {Softwaretechnik-Trends},
    volume       = 3,
    number       = 2,
    year         = 2011,
}

@book{Boehm:81,
    author       = {Barry Boehm},
    title        = {Software Engineering Economics},
    publisher    = {Prentice Hall},
    year         = 1981,
}

@incollection{Fjeldstad_Hamlen:82,
    author       = {R.K. Fjeldstad and W.T. Hamlen},
    title        = {Application Program Maintenance Study: Report to Our Respondents},
    booktitle    = {Tutorial on Software Maintenance},
    editor       = {G.\ Parikh and N.\ Zvegintzov},
    publisher    = {IEEE Computer Society Press},
    pages        = {13--30},
    year         = 1982,
}

@article{vonMayrhauser_etal:97,
    author       = {Anneliese von Mayrhauser and A. Marie Vans and Adele E. Howe},
    title        = {Program understanding behavior during enhancement of large-scale software},
    journal      = {Journal of Software Maintenance: Research and Practice},
    volume       = 9,
    number       = 5,
    pages        = {299--327},
    year         = 1997,
}